%%%%%%%%%
% BOOKS %
%%%%%%%%%

@book{Barnett1975,
 author = {Barnett, S. Anthony},
 title = {The Rat: A Study in Behavior},
 year = {1975},
 publisher = {The University of Chicago Press},
 location = {Chicago, Illinois, United States},
 isbn = {0-226-03742-8}
}

@book{Barnett2001,
 author = {Barnett, S. Anthony},
 title = {The Story of Rats: Their Impact on Us, and Our Impact on Them},
 year = {2001},
 publisher = {Allen and Unwin},
 location = {Sydney, Australia},
 isbn = {1-86508-5197}
}

@book{Buss2004,
 author = {Buss, David M.},
 title = {Evolutionary Psychology},
 edition = {2},
 year = {2004},
 publisher = {Pearson},
 location = {Boston, Massachusetts, United States}
}

@inbook{Leviticus1984,
 chapter = {Leviticus 11:1-47 - Clean and Unclean Food},
 title = {The Holy Bible: New International Version},
 year = {1984},
 publisher = {International Bible Society},
 location = {Colorado Springs, Colorado, United States}
}

@inbook{Edelman2005,
 author = {Edelman, Birgitta},
 editor = {Knight, John},
 chapter = {From Trap to Lap: The Changing Sociogenic Identity of the Rat},
 title = {Animals in Person: Cultural Perspectives on Human-Animal Intimacies},
 year = {2005},
 publisher = {Berg},
 location = {Oxford, United Kingdom},
 isbn = {978-1-85973-733-0}
}

@incollection{FutuymaLevy2001,
 author = {Futuyma, Douglas J. and Levy, André},
 editor = {Levin, Simon A.},
 title = {Coevolution},
 booktitle = {Encyclopedia of Biodiversity},
 year = {2001},
 publisher = {Academic Press},
 location = {San Diego, California, United States},
 pages = {753-767},
 volume = {1},
 edition = {2},
 isbn = {978-0-12-384720-1, 0-12-226866-0},
 doi = {http://dx.doi.org/10.1016/B978-0-12-384719-5.00024-1},
 url = {http://www.sciencedirect.com/science/article/pii/B9780123847195000241},
 keywords = {butterfly, coevolution, correlated evolution, cospeciation, Darwin, ccological interactions, larvae, mutualism, parasites, virulence}
}

@book{Gottfried1983,
 author = {Gottfried, Robert S.},
 title = {The Black Death: Natural and Human Disaster in Medieval Europe},
 year = {1983},
 publisher = {The Free Press},
 location = {New York, New York, United States},
 isbn = {978-0-02-912630-1}
}

@book{Marrin2006,
 author = {Marrin, Albert},
 illustrator = {Mordan, C. B.},
 title = {Oh, Rats!: The Story of Rats and People},
 year = {2006},
 publisher = {Dutton Children's Books},
 location = {New York, New York, United States},
 isbn = {978-0-525-47762-4}
}

@book{McNeill1976,
 author = {McNeill, William H.},
 title = {Plagues and Peoples},
 year = {1976},
 publisher = {Anchor Books},
 location = {New York, New York, United States},
 isbn = {0-385-12122-9}
}

@inbook{Milton2005,
 author = {Milton, Kay},
 editor = {Knight, John},
 title = {Anthropomorphism or Egomorphism?: The Perception of Non-Human Persons by Human Ones},
 booktitle = {Animals in Person: Cultural Perspectives on Human-Animal Intimacies},
 year = {2005},
 publisher = {Berg},
 location = {Oxford, United Kingdom},
 isbn = {978-1-85973-733-0}
}

@book{Sullivan2004,
 author = {Sullivan, Robert},
 title = {Rats: Observations on the History and Habitat of the City's Most Unwanted Inhabitants},
 year = {2004},
 publisher = {Bloomsbury},
 location = {New York, New York, United States},
 isbn = {978-1-58234-477-5}
}

@inbook{WalkerCricetomys1999,
 author = {Walker, Ernest P. and Nowak, Ronald M.},
 chapter = {RODENTIA; MURIDAE; Genus CRICETOMYS - African Giant Pouched Rats},
 title = {Walker's Mammals of the World},
 year = {1999},
 edition = {6},
 volume = {2},
 pages = {1495-1496},
 publisher = {The John Hopkins University Press},
 location = {Baltimore, Maryland, United States},
 isbn = {0-8018-5789-9}
}

@inbook{WalkerRattus1999,
 author = {Walker, Ernest P. and Nowak, Ronald M.},
 chapter = {RODENTIA; MURIDAE; Genus RATTUS - Rats},
 title = {Walker's Mammals of the World},
 year = {1999},
 edition = {6},
 volume = {2},
 pages = {1517-1522},
 publisher = {The John Hopkins University Press},
 location = {Baltimore, Maryland, United States},
 isbn = {0-8018-5789-9}
}

@book{Zinsser1963,
 author = {Zinsser, Hans},
 title = {Rats, Lice and History: A Chronicle of Pestilence and Plagues},
 year = {1963},
 publisher = {Black Dog & Leventhal Publishers},
 location = {New YOrk, New York, United States},
 isbn = {1-884822-47-9}
}

%%%%%%%%%%%%
% ARTICLES %
%%%%%%%%%%%%

@article{Appleby1980,
 jstor_articletype = {research-article},
 author = {Appleby, Andrew B.},
 title = {{T}he {D}isappearance of {P}lague: {A} {C}ontinuing {P}uzzle},
 journal = {The Economic History Review},
 year = {1980},
 month = {May},
 volume = {33},
 number = {2},
 series = {New Series},
 pages = {pp. 161-173},
 issn = {00130117},
 url = {http://www.jstor.org/stable/2595837},
 publisher = {Wiley on behalf of the Economic History Society},
 copyright = {Copyright © 1980 Economic History Society}
}

@article{Edelman2002,
 author = {Edelman, Birgitta},
 title = {'{R}ats are {P}eople, {T}oo!': {R}at-{H}uman {R}elations {R}e-{R}ated},
 journal = {Anthropology Today},
 year = {2002},
 month = {June},
 volume = {18},
 number = {3},
 pages = {3-8},
 issn = {0268540X},
 url = {http://search.ebscohost.com.ezproxy.morris.umn.edu/login.aspx?direct=true&db=aph&AN=6745853&site=ehost-live},
 abstract = {Looks at three different areas of rat-human relations in the Western World. Presence of the brown rat in almost all human settlements on the globe; Historical overview to show the development of each area of the rat-human relations.},
 keywords = {rats, human-animal relationships}
}

@article{McCormick2003,
 author = {McCormick, Michael},
 title = {{R}ats, {C}ommunications, and {P}lague: {T}oward an {E}cological {H}istory},
 journal = {Journal of Interdisciplinary History},
 year = {2003},
 month = {July},
 volume = {34},
 number = {1},
 pages = {1-25},
 issn = {0022-1953},
 doi = {10.1162/002219503322645439},
 url = {http://dx.doi.org/10.1162/002219503322645439},
 publisher = {MIT Press}
}

%%%%%%%%%%
% ONLINE %
%%%%%%%%%%

@article{Grant2014,
 url = {http://www.the-scientist.com/?articles.view/articleNo/41236/title/NYC-s-Pathogen-Riddled-Rats/},
 note = {Grant, B. (2014, October 15). NYC's Pathogen-Riddled Rats: Researchers Find More Than a Dozen Brand New Viruses Lurking in Rodents Inhabiting the Big Apple | The Scientist Magazine®. Retrieved from \textit{http://www.the-scientist.com/?articles.view/articleNo/41236/title/NYC-s-Pathogen-Riddled-Rats/}}
}

@article{Hanson2012,
 author = {Hanson, Anne},
 title = {{R}at {B}ehavior and {B}iology},
 year = {2012},
 month = {November},
 day = {29},
 url = {http://www.ratbehavior.org/},
 note = {Retrieved from \textit{http://www.ratbehavior.org/}}
}

@article{Meek,
 author = {Leslie Meek},
 title = {Origins of Humans},
 url = {http://facultypages.morris.umn.edu/~meeklesr/origin.html},
 note = {Retrieved from \textit{http://facultypages.morris.umn.edu/~meeklesr/origin.html}}
}

@article{ONeill,
 author = {O'Neill, Shea},
 title = {{S}currying {A}longside {H}umanity: {A} {C}o-{E}volutionary {H}istory of {R}ats and {H}umans},
 url = {http://historymatters.appstate.edu/sites/historymatters.appstate.edu/files/ratsandhumans.pdf},
 note = {Retrieved from \textit{http://historymatters.appstate.edu/sites/historymatters.appstate.edu/files/\\ratsandhumans.pdf}}
}

@article{Spencer2012,
 author = {Spencer, Geoff},
 title = {2004 {R}elease: {S}cientists {C}ompare {R}at {G}enome with {H}uman, {M}ouse: {A}nalysis {Y}ields {N}ew {I}nsights into {M}edical {M}odel, {E}volutionary {P}rocess},
 year = {2012},
 month = {July},
 day = {31},
 url = {http://www.genome.gov/11511308},
 note = {Retrieved from \textit{http://www.genome.gov/11511308}}
}

@article{APOPO,
 title = {APOPO},
 url = {http://www.apopo.org/en/},
 note = {Retrieved from \textit{http://www.apopo.org/en/}}
}

@article{MerriamWebster,
 title = {{V}ermin - {M}erriam-{W}ebster},
 year = {2014},
 url = {http://www.merriam-webster.com/dictionary/vermin},
 note = {Retrieved from \textit{http://www.merriam-webster.com/dictionary/vermin}}
}

@article{SparkNotes,
 title = {{P}atterns of {E}volution},
 year = {2014},
 url = {http://www.sparknotes.com/biology/evolution/patternsofevolution/},
 note = {Retrieved from \textit{http://www.sparknotes.com/biology/evolution/\\patternsofevolution/}}
}

@online{UniversityOfCalifornia2003,
 url = {http://www.sciencedaily.com/releases/2003/10/031031062755.htm},
 note = {Pack Rat Middens Give Unique View On Evolution And Climate Change In Past Million Years. (2013, October 31). Retrieved from \textit{http://www.sciencedaily.com/releases/2003/10/031031062755.htm}}
}

%%%%%%%%%%
% IMAGES %
%%%%%%%%%%

@article{BlackRatWikipedia2014,
 title = {{B}lack {R}at},
 year = {2014},
 month = {June},
 day = {11},
 url = {https://en.wikipedia.org/wiki/Black_rat},
 note = {Retrieved from \textit{https://en.wikipedia.org/wiki/Black\textunderscore rat}}
}

@article{BrownRatWikipedia2014,
 title = {{B}rown {R}at},
 year = {2014},
 month = {June},
 day = {11},
 url = {https://en.wikipedia.org/wiki/Brown_rat},
 note = {Retrieved from \textit{https://en.wikipedia.org/wiki/Brown\textunderscore rat}}
}

@article{GiantPouchedRatWikipedia2014,
 title = {{G}ambian {P}ouched {R}at},
 year = {2014},
 month = {June},
 day = {25},
 url = {https://en.wikipedia.org/wiki/Gambian_pouched_rat},
 note = {Retrieved from \textit{https://en.wikipedia.org/wiki/Gambian\textunderscore\\pouched\textunderscore rat}}
}

@article{VisitedCountries2014,
 title = {{I}nteractive {V}isited {C}ountries {M}ap - am{C}harts},
 year = {2014},
 url = {http://www.amcharts.com/visited_countries/},
 note = {Retrieved from \textit{http://www.amcharts.com/visited\textunderscore countries/}}
}